<record><leader>00000cas a22000007a 4500</leader><controlfield tag="001">31110594</controlfield><controlfield tag="008">940914d19922012akuwr ne      0   a0eng c</controlfield><datafield ind1=" " ind2=" " tag="010"><subfield code="a">sn 98059806 </subfield></datafield><datafield ind1=" " ind2=" " tag="040"><subfield code="a">UAF</subfield><subfield code="b">eng</subfield><subfield code="c">UAF</subfield><subfield code="d">ANE</subfield><subfield code="d">OCLCQ</subfield><subfield code="d">NSD</subfield><subfield code="d">OCLCQ</subfield><subfield code="d">DLC</subfield><subfield code="d">OCLCQ</subfield><subfield code="d">DLC</subfield><subfield code="d">OCLCF</subfield><subfield code="d">OCLCO</subfield></datafield><datafield ind1=" " ind2=" " tag="012"><subfield code="l">1</subfield></datafield><datafield ind1="0" ind2=" " tag="022"><subfield code="a">1937-2175</subfield><subfield code="l">1937-2175</subfield><subfield code="2">1</subfield></datafield><datafield ind1="1" ind2=" " tag="029"><subfield code="a">AU@</subfield><subfield code="b">000014094608</subfield></datafield><datafield ind1=" " ind2=" " tag="037"><subfield code="b">Alaska Newspapers, Inc., 301 Calista Court, Ste. B, Anchorage, AK 99518</subfield></datafield><datafield ind1=" " ind2=" " tag="042"><subfield code="a">pcc</subfield><subfield code="a">nsdp</subfield></datafield><datafield ind1=" " ind2=" " tag="043"><subfield code="a">n-us-ak</subfield></datafield><datafield ind1="1" ind2="0" tag="050"><subfield code="a">ISSN RECORD</subfield></datafield><datafield ind1="0" ind2="0" tag="082"><subfield code="a">071.98/4</subfield><subfield code="2">20</subfield></datafield><datafield ind1="0" ind2=" " tag="130"><subfield code="a">Dutch Harbor fisherman (Unalaska, Alaska : 1992)</subfield></datafield><datafield ind1=" " ind2="4" tag="222"><subfield code="a">The Dutch Harbor fisherman</subfield><subfield code="b">(Unalaska, Alaska. 1992)</subfield></datafield><datafield ind1="1" ind2="4" tag="245"><subfield code="a">The Dutch Harbor fisherman.</subfield></datafield><datafield ind1=" " ind2=" " tag="260"><subfield code="a">Unalaska, Alaska :</subfield><subfield code="b">Alaska Newspapers,</subfield><subfield code="c">1992-</subfield></datafield><datafield ind1=" " ind2=" " tag="300"><subfield code="a">19 v. :</subfield><subfield code="b">ill. ;</subfield><subfield code="c">43 cm.</subfield></datafield><datafield ind1=" " ind2=" " tag="310"><subfield code="a">Weekly</subfield></datafield><datafield ind1="0" ind2=" " tag="362"><subfield code="a">Vol. 1, no. 1 (Dec. 11, 1992)-v. 19, no. 38 (Aug. 15, 2011).</subfield></datafield><datafield ind1=" " ind2=" " tag="500"><subfield code="a">"Serving the Aleutians and Pribilofs."</subfield></datafield><datafield ind1=" " ind2=" " tag="500"><subfield code="a">Title from caption.</subfield></datafield><datafield ind1=" " ind2=" " tag="500"><subfield code="a">Published: Anchorage, &lt;2007-&gt;</subfield></datafield><datafield ind1=" " ind2=" " tag="588"><subfield code="a">Latest issue consulted: Vol. 15, no. 17 (Mar. 29, 2007).</subfield></datafield><datafield ind1=" " ind2="0" tag="651"><subfield code="a">Dutch Harbor (Alaska)</subfield><subfield code="v">Newspapers.</subfield></datafield><datafield ind1=" " ind2="0" tag="651"><subfield code="a">Unalaska (Alaska)</subfield><subfield code="v">Newspapers.</subfield></datafield><datafield ind1=" " ind2="7" tag="655"><subfield code="a">Newspapers.</subfield><subfield code="2">fast</subfield><subfield code="0">(OCoLC)fst01423814</subfield></datafield><datafield ind1=" " ind2="7" tag="651"><subfield code="a">Alaska</subfield><subfield code="z">Dutch Harbor.</subfield><subfield code="2">fast</subfield><subfield code="0">(OCoLC)fst01251205</subfield></datafield><datafield ind1=" " ind2="7" tag="651"><subfield code="a">Alaska</subfield><subfield code="z">Unalaska.</subfield><subfield code="2">fast</subfield><subfield code="0">(OCoLC)fst01224183</subfield></datafield><datafield ind1=" " ind2=" " tag="752"><subfield code="a">United States</subfield><subfield code="b">Alaska</subfield><subfield code="d">Dutch Harbor.</subfield></datafield><datafield ind1=" " ind2=" " tag="752"><subfield code="a">United States</subfield><subfield code="b">Alaska</subfield><subfield code="d">Unalaska.</subfield></datafield><datafield ind1="0" ind2="7" tag="780"><subfield code="t">Bristol BayTimes &amp; Dutch Harbor fisherman</subfield><subfield code="w">(DLC)sn 98059804</subfield><subfield code="w">(OCoLC)33340421</subfield></datafield><datafield ind1="0" ind2="7" tag="785"><subfield code="t">Bristol Bay Times (Dillingham, Alaska : 1992)</subfield><subfield code="x">1937-2167</subfield><subfield code="w">(DLC)sn 98059805</subfield><subfield code="w">(OCoLC)31110601</subfield></datafield><datafield ind1="0" ind2="7" tag="785"><subfield code="t">Bristol Bay times &amp; the Dutch Harbor fisherman</subfield><subfield code="x">2330-0671</subfield><subfield code="w">(DLC)  2013201386</subfield><subfield code="w">(OCoLC)812539755</subfield></datafield></record>